<record><leader>00000cas a2200000 a 4500</leader><controlfield tag="001">6168850</controlfield><controlfield tag="008">800404c19739999ncuwr ne      0   a0eng c</controlfield><datafield ind1=" " ind2=" " tag="010"><subfield code="a">sn 83008090 </subfield></datafield><datafield ind1=" " ind2=" " tag="040"><subfield code="a">GZN</subfield><subfield code="b">eng</subfield><subfield code="c">GZN</subfield><subfield code="d">NSD</subfield><subfield code="d">NVJ</subfield><subfield code="d">ANU</subfield><subfield code="d">CNK</subfield><subfield code="d">NVJ</subfield><subfield code="d">CVF</subfield><subfield code="d">NYS</subfield><subfield code="d">OCLCQ</subfield><subfield code="d">OCLCF</subfield><subfield code="d">OCLCO</subfield></datafield><datafield ind1=" " ind2=" " tag="012"><subfield code="l">1</subfield></datafield><datafield ind1="1" ind2=" " tag="022"><subfield code="a">0739-1730</subfield><subfield code="l">0739-1730</subfield><subfield code="2">1</subfield></datafield><datafield ind1="1" ind2=" " tag="029"><subfield code="a">AU@</subfield><subfield code="b">000020290590</subfield></datafield><datafield ind1=" " ind2=" " tag="032"><subfield code="a">978380</subfield><subfield code="b">USPS</subfield></datafield><datafield ind1=" " ind2=" " tag="042"><subfield code="a">nsdp</subfield><subfield code="a">pcc</subfield></datafield><datafield ind1=" " ind2=" " tag="043"><subfield code="a">n-us-nc</subfield></datafield><datafield ind1=" " ind2=" " tag="090"><subfield code="a">E75</subfield><subfield code="b">.C38x</subfield></datafield><datafield ind1=" " ind2="4" tag="222"><subfield code="a">The Carolina Indian voice</subfield></datafield><datafield ind1="0" ind2="4" tag="245"><subfield code="a">The Carolina Indian voice.</subfield></datafield><datafield ind1=" " ind2=" " tag="260"><subfield code="a">Pembroke, N.C. :</subfield><subfield code="b">Lumbee Pub. Co.,</subfield><subfield code="c">1973-</subfield></datafield><datafield ind1=" " ind2=" " tag="300"><subfield code="a">v. :</subfield><subfield code="b">ill. ;</subfield><subfield code="c">58 cm.</subfield></datafield><datafield ind1=" " ind2=" " tag="310"><subfield code="a">Weekly</subfield></datafield><datafield ind1="0" ind2=" " tag="362"><subfield code="a">Vol. 1, no. 1 (Jan. 18, 1973)-</subfield></datafield><datafield ind1=" " ind2=" " tag="500"><subfield code="a">Publisher: First American Publications, &lt;1992&gt;-</subfield></datafield><datafield ind1=" " ind2=" " tag="500"><subfield code="a">"Dedicated to the best in all of us."</subfield></datafield><datafield ind1=" " ind2="0" tag="650"><subfield code="a">Lumbee Indians</subfield><subfield code="v">Newspapers.</subfield></datafield><datafield ind1=" " ind2="0" tag="650"><subfield code="a">Indians of North America</subfield><subfield code="z">North Carolina</subfield><subfield code="v">Newspapers.</subfield></datafield><datafield ind1=" " ind2="0" tag="651"><subfield code="a">Pembroke (N.C.)</subfield><subfield code="v">Newspapers.</subfield></datafield><datafield ind1=" " ind2="0" tag="651"><subfield code="a">Robeson County (N.C.)</subfield><subfield code="v">Newspapers.</subfield></datafield><datafield ind1=" " ind2="7" tag="655"><subfield code="a">Newspapers.</subfield><subfield code="2">fast</subfield><subfield code="0">(OCoLC)fst01423814</subfield></datafield><datafield ind1=" " ind2="7" tag="650"><subfield code="a">Indians of North America.</subfield><subfield code="2">fast</subfield><subfield code="0">(OCoLC)fst00969633</subfield></datafield><datafield ind1=" " ind2="7" tag="650"><subfield code="a">Lumbee Indians.</subfield><subfield code="2">fast</subfield><subfield code="0">(OCoLC)fst01003494</subfield></datafield><datafield ind1=" " ind2="7" tag="651"><subfield code="a">North Carolina.</subfield><subfield code="2">fast</subfield><subfield code="0">(OCoLC)fst01204304</subfield></datafield><datafield ind1=" " ind2="7" tag="651"><subfield code="a">North Carolina</subfield><subfield code="z">Pembroke.</subfield><subfield code="2">fast</subfield><subfield code="0">(OCoLC)fst01224414</subfield></datafield><datafield ind1=" " ind2="7" tag="651"><subfield code="a">North Carolina</subfield><subfield code="z">Robeson County.</subfield><subfield code="2">fast</subfield><subfield code="0">(OCoLC)fst01220373</subfield></datafield><datafield ind1=" " ind2=" " tag="752"><subfield code="a">United States</subfield><subfield code="b">North Carolina</subfield><subfield code="c">Robeson</subfield><subfield code="d">Pembroke.</subfield></datafield><datafield ind1=" " ind2=" " tag="936"><subfield code="a">Vol. 28, no. 35 (Aug. 30, 2001) LIC</subfield></datafield></record>